<record><leader>00000cas a22000007a 4500</leader><controlfield tag="001">14868589</controlfield><controlfield tag="008">861124d189419uutxuwr ne      0    0eng d</controlfield><datafield ind1=" " ind2=" " tag="010"><subfield code="a">sn 86090261 </subfield></datafield><datafield ind1=" " ind2=" " tag="040"><subfield code="a">PPM</subfield><subfield code="b">eng</subfield><subfield code="c">PPM</subfield><subfield code="d">OCLCQ</subfield></datafield><datafield ind1=" " ind2=" " tag="042"><subfield code="a">msc</subfield></datafield><datafield ind1="0" ind2=" " tag="130"><subfield code="a">Smithville times (Smithville, Tex. : 1894)</subfield></datafield><datafield ind1="1" ind2="4" tag="245"><subfield code="a">The Smithville times.</subfield></datafield><datafield ind1=" " ind2=" " tag="260"><subfield code="a">Smithville, Tex. :</subfield><subfield code="b">Bruce Roberts</subfield></datafield><datafield ind1=" " ind2=" " tag="300"><subfield code="a">v. :</subfield><subfield code="b">ill.</subfield></datafield><datafield ind1=" " ind2=" " tag="310"><subfield code="a">Weekly</subfield></datafield><datafield ind1="0" ind2=" " tag="362"><subfield code="a">Vol. 1, no. 1 (Jan. 27, 1894)-</subfield></datafield><datafield ind1=" " ind2=" " tag="752"><subfield code="a">United States</subfield><subfield code="b">Texas</subfield><subfield code="c">Bastrop</subfield><subfield code="d">Smithville.</subfield></datafield><datafield ind1="0" ind2="5" tag="780"><subfield code="t">Smithville transcript</subfield><subfield code="w">(DLC)sn 86090268</subfield></datafield><datafield ind1="0" ind2="7" tag="785"><subfield code="t">Smithville enterprise</subfield><subfield code="w">(DLC)sn 88083468</subfield></datafield><datafield ind1="0" ind2="7" tag="785"><subfield code="t">Smithville times enterprise and transcript</subfield><subfield code="w">(DLC)sn 86090260</subfield></datafield><datafield ind1="1" ind2=" " tag="029"><subfield code="a">AU@</subfield><subfield code="b">000020456328</subfield></datafield></record>